<?xml version="1.0" encoding="UTF-8"?><collection xmlns="http://www.loc.gov/MARC21/slim"><record><leader>00638nam--2200205-i-4500</leader><controlfield tag="001">000035667</controlfield><controlfield tag="002">20161230</controlfield><controlfield tag="005">20170107012836</controlfield><controlfield tag="008">060222s1000------------r-----000-0-eng-d</controlfield><datafield ind1=" " ind2=" " tag="020"><subfield code="a">9630512653</subfield></datafield><datafield ind1=" " ind2=" " tag="040"><subfield code="a">IFIN-HH</subfield></datafield><datafield ind1=" " ind2=" " tag="080"><subfield code="a">537.222.22:538.95(061.3)</subfield></datafield><datafield ind1="1" ind2=" " tag="100"><subfield code="a">P©Łl, L</subfield></datafield><datafield ind1="1" ind2="0" tag="245"><subfield code="a">Organic conductors and semiconductors</subfield><subfield code="b">Proceedings of the International Conference Si©đfok, Hungary 1976</subfield><subfield code="c">L. Pal, G. Gruner, A. Janossy, J. Solyom (eds.)</subfield></datafield><datafield ind1=" " ind2=" " tag="260"><subfield code="a">Budapest</subfield><subfield code="b">Akad©♭miai Kiad©đ</subfield><subfield code="c">1977</subfield></datafield><datafield ind1=" " ind2=" " tag="300"><subfield code="a">654 p</subfield></datafield><datafield ind1=" " ind2=" " tag="490"><subfield code="a">Proceedings</subfield></datafield><datafield ind1="1" ind2=" " tag="700"><subfield code="a">S©đlyom, J</subfield><subfield code="e">Ed</subfield></datafield><datafield ind1=" " ind2=" " tag="852"><subfield code="a">47219</subfield><subfield code="c">537.311.33</subfield></datafield><datafield ind1=" " ind2=" " tag="CAT"><subfield code="a">SYS</subfield><subfield code="c">20170107</subfield><subfield code="h">012836</subfield></datafield></record></collection>